<record><leader>00000cas a22000007a 4500</leader><controlfield tag="001">14867568</controlfield><controlfield tag="008">861124d19011919inudr ne      0    0eng d</controlfield><datafield ind1=" " ind2=" " tag="010"><subfield code="a">sn 86058895 </subfield></datafield><datafield ind1=" " ind2=" " tag="040"><subfield code="a">NPI</subfield><subfield code="b">eng</subfield><subfield code="c">NPI</subfield><subfield code="d">NVF</subfield><subfield code="d">OCLCQ</subfield></datafield><datafield ind1=" " ind2=" " tag="042"><subfield code="a">msc</subfield></datafield><datafield ind1="0" ind2="0" tag="245"><subfield code="a">Evansville journal-news.</subfield></datafield><datafield ind1="3" ind2="0" tag="246"><subfield code="a">Sunday journal-news,</subfield><subfield code="f">Apr. 14, 1901-July 6, 1919</subfield></datafield><datafield ind1=" " ind2=" " tag="260"><subfield code="a">Evansville, Ind. :</subfield><subfield code="b">[s.n.],</subfield><subfield code="c">1901-1919.</subfield></datafield><datafield ind1=" " ind2=" " tag="310"><subfield code="a">Daily</subfield></datafield><datafield ind1="0" ind2=" " tag="362"><subfield code="a">Apr. 8, 1901-July 6, 1919.</subfield></datafield><datafield ind1=" " ind2=" " tag="500"><subfield code="a">Has weekly editions &lt;1901&gt;</subfield></datafield><datafield ind1=" " ind2=" " tag="752"><subfield code="a">United States</subfield><subfield code="b">Indiana</subfield><subfield code="c">Vanderburgh</subfield><subfield code="d">Evansville.</subfield></datafield><datafield ind1="0" ind2="4" tag="780"><subfield code="t">Evansville journal (Evansville, Ind. : 1889)</subfield><subfield code="w">(DLC)sn 86058894</subfield></datafield><datafield ind1="0" ind2="4" tag="780"><subfield code="t">Evening news</subfield></datafield><datafield ind1="0" ind2="0" tag="785"><subfield code="t">Journal-news (Evansville, Ind.)</subfield><subfield code="w">(DLC)sn 86058896</subfield></datafield></record>